<?xml version="1.0" encoding="UTF-8"?><collection xmlns="http://www.loc.gov/MARC21/slim"><record><leader>00612nam--2200181-i-4500</leader><controlfield tag="001">000009021</controlfield><controlfield tag="002">20161230</controlfield><controlfield tag="005">20170121214859</controlfield><controlfield tag="008">060222s1000------------r-----000-0-eng-d</controlfield><datafield ind1=" " ind2=" " tag="080"><subfield code="a">620.91</subfield></datafield><datafield ind1=" " ind2=" " tag="100"><subfield code="a">Ciobanu, M</subfield></datafield><datafield ind1=" " ind2=" " tag="245"><subfield code="a">Consideratiuni privind siguranta in functionar e a conexiunilor de 110 kv</subfield></datafield><datafield ind1=" " ind2=" " tag="260"><subfield code="a">Bucuresti</subfield><subfield code="b">Consiliul National Al Inginerilor S I Tehnicienilor</subfield><subfield code="c">1969</subfield></datafield><datafield ind1=" " ind2=" " tag="300"><subfield code="a">10 p.+bibl.+pag.Dif</subfield></datafield><datafield ind1=" " ind2=" " tag="490"><subfield code="a">A Doua Conferinta A Electricienilor.Iii. Sectia Sisteme, Centrale Si Utilizarea Energie I Electric</subfield></datafield><datafield ind1=" " ind2=" " tag="700"><subfield code="a">Negoita, V</subfield></datafield><datafield ind1=" " ind2=" " tag="852"><subfield code="a">31633</subfield></datafield><datafield ind1=" " ind2=" " tag="CAT"><subfield code="a">SYS</subfield><subfield code="c">20170121</subfield><subfield code="h">214859</subfield></datafield></record></collection>